
@misc{apple_inc._features_2016,
	title = {Features in {Safari}},
	url = {https://developer.apple.com/safari/features/},
	abstract = {abstract},
	urldate = {2016-11-06},
	author = {{Apple Inc.}},
	month = nov,
	year = {2016}
}

@misc{maximiliano_firtman_html5_2015,
	title = {{HTML}5 compatibility on mobile and tablet browsers with testing on real devices},
	url = {http://mobilehtml5.org/},
	urldate = {2016-11-06},
	author = {{Maximiliano Firtman}},
	month = sep,
	year = {2015}
}

@misc{thoriq_firdaus_10_2016,
	title = {10 {Frameworks} to {Build} {Mobile} {Application} with {HTML}, {CSS} \& {JavaScript}},
	url = {http://www.hongkiat.com/blog/mobile-frameworks/},
	urldate = {2016-11-07},
	author = {{Thoriq Firdaus}},
	month = aug,
	year = {2016}
}

@misc{rob_price_how_2015,
	title = {How {Steve} {Jobs} launched the first ever {iPhone}},
	url = {http://uk.businessinsider.com/revisiting-launch-apple-first-iphone-2015-9},
	urldate = {2016-11-07},
	author = {{Rob Price}},
	month = sep,
	year = {2015}
}

@misc{john_d._sutter_apple_2010,
	title = {Apple unveils the 'magical' {iPad}},
	url = {http://edition.cnn.com/2010/TECH/01/27/apple.tablet/},
	urldate = {2016-11-07},
	author = {{John D. Sutter} and {Doug Gross}},
	month = jan,
	year = {2010}
}

@misc{mozilla_developer_network_web_2016,
	title = {Web {APIs}},
	url = {https://developer.mozilla.org/en-US/docs/Web/API},
	urldate = {2016-11-08},
	author = {{Mozilla Developer Network}},
	year = {2016}
}

@misc{adobe_systems_inc._phonegap_2016,
	title = {{PhoneGap}},
	url = {http://phonegap.com/},
	urldate = {2016-11-08},
	author = {{Adobe Systems Inc.}},
	year = {2016}
}

@misc{the_apache_software_foundation_apache_2016,
	title = {Apache {Cordova}},
	url = {https://cordova.apache.org/},
	urldate = {2016-11-08},
	author = {{The Apache Software Foundation}},
	year = {2016}
}

@misc{kacie_clark_introduction_2015,
	title = {Introduction to {Ionic}},
	url = {https://blog.appery.io/2015/06/introduction-to-ionic/},
	urldate = {2016-11-08},
	author = {{Kacie Clark}},
	month = jun,
	year = {2015}
}

@misc{drifty_co._building_2016,
	title = {Building {Amazing} {Native} {Apps}},
	url = {http://ionicframework.com/},
	author = {{Drifty Co.}},
	year = {2016}
}