
@thesis{castillo_bellagona_sistema_2016,
	title = {Sistema de importación asistida de liquidaciones de aseguradoras médicas mediante el uso de {OCR}},
	abstract = {Este proyecto forma parte de un proyecto de mayor envergadura denominado {SEOGA}, el cual consiste en un conjunto de servicios orientados a la optimización de la gestión de clínicas y hospitales del sector sanitario privado. Con este proyecto se pretende desarrollar un sistema que permita automatizar la incorporación de la información proveniente de documentos de liquidación en mal estado a bases de datos de {SEOGA}, para su posterior explotación. Los principales objetivos que se pretenden conseguir son: ahorrar el tiempo de consulta de los datos de estos documentos (gracias a su digitalización), evitar errores en dichas consultas y permitir nuevas vías de explotación para dicha información. Para realizar este sistema se analizaron los distintos formatos de documentosde liquidación que llegaban escaneados, por fax o por correo ordinario, determinando si estos podían incorporarse al sistema de forma automática utilizando un sistema de {OCR}. La arquitectura de este proyecto sigue conel desarrollo incremental en la arquitectura basada en N-Capas, orientada al dominio de la solución de {SEOGA}. Se prevé que este proyecto sufra un considerable número de modificaciones durante su vida útil debido a que está situado en un entorno cambiante y volátil. Este tipo de arquitectura minimiza los costes de mantenimiento e incrementa la extensibilidad, cualidades necesarias para un proyecto de estas características. Para el seguimiento y planificación del proyecto se utilizó la metodología ágil Scrum, especialmente indicada para proyectos como el planteado. {SEOGA}. Compañía aseguradora. Acto. Liquidación.Conciliación. {OmniPage}},
	pagetotal = {85},
	type = {phdthesis},
	author = {Castillo Bellagona, Miguel Ángel and Linares Franco, Manuel Ángel and Rodríguez Yáñez, Santiago},
	editora = {Universidade da Coruña},
	editoratype = {collaborator},
	date = {2016},
	keywords = {Facultade de Informática, Medicina, Reconocimiento de caracteres (Informática), Sistemas de información, Trabajos fin de carrera, Universidade da Coruña}
}

@thesis{radio_abal_ferramenta_2010,
	title = {Ferramenta para a alimentación automática de sistemas de información a partir de formularios en papel},
	abstract = {A pesar de que o uso de dispositivos portátiles (como poden ser {PDAs}, teléfonos móbiles, etc.) como medio para arecollida de información no ámbito empresarial está proliferando moito nos últimos anos, aínda son moitas as empresas que continúan usando formularios en papel para a recollida de información en almacéns, en obra, etc. Isto xera grandes volumes de formularios con información importante para a empresa que debe ser introducida nos seus propios sistemas de información (Bases de datos, {ERPs}, etc) para a súa explotación. Na maioría dos casos, faisea través dunha introdución manual que consume una considerable cantidade de tempo e recursos, ademais de serpropenso a erros de transcrición. Porén, os anteditos formularios non son de escritura libre, senón que conteñenestruturas restrinxidas para a recollida de información, como poden ser conxuntos de recadros (ou outras figuras) onde se debuxan marcas para escoller opcións ou para formar unha combinación de números ou caracteres. As estruturas máis complexas son celas onde se escriben letras (unha por cela). Debido a estas limitacións, estes formularios son susceptibles de seren lidos automaticamente con elevado nivel de éxito. O obxectivo principal deste proxecto é, precisamente, automatizar a extracción de datos estruturados contidos neste tipo de formularios en papel e transferir correctamente a información capturada a sistemas corporativos e/ou bases de datos. Como obxectivo secundario, proponse desenvolver una ferramenta para facilitar a definición de novos formularios para a recollida de información e tamén de formularios preexistentes, de maneira que poidan ser lidosautomaticamente e recoñecida a información que conteñen. {OCR}. {OMR}. {ICR}. {HWCR}. Formulario. Plantilla. Imaxe. Escáner},
	pagetotal = {146},
	type = {phdthesis},
	author = {Radío Abal, Santiago and Cotelo Lema, José Antonio and Saavedra Places, Ángeles},
	editora = {Universidade da Coruña},
	editoratype = {collaborator},
	date = {2010},
	keywords = {Facultade de Informática, Trabajos fin de carrera, Universidade da Coruña}
}

@article{liu_graph_2019,
	title = {Graph Convolution for Multimodal Information Extraction from Visually Rich Documents},
	volume = {abs/1903.11279},
	url = {http://arxiv.org/abs/1903.11279},
	journaltitle = {{CoRR}},
	author = {Liu, Xiaojing and Gao, Feiyu and Zhang, Qiong and Zhao, Huasha},
	date = {2019}
}

@article{le_deep_2019,
	title = {Deep Learning Approach for Receipt Recognition},
	volume = {abs/1905.12817},
	url = {http://arxiv.org/abs/1905.12817},
	journaltitle = {{CoRR}},
	author = {Le, Anh Duc and Pham, Dung Van and Nguyen, Tuan Anh},
	date = {2019}
}

@book{dieguez_castro_introducing_2016,
	title = {Introducing Linux Distros},
	isbn = {978-1-4842-1393-3},
	publisher = {Apress, Berkeley, {CA}},
	author = {Dieguez Castro, Jose},
	date = {2016},
	doi = {10.1007/978-1-4842-1392-6},
	file = {Dieguez Castro - 2016 - Introducing Linux Distros.pdf:/home/diego/Zotero/storage/VA7PLSB4/Dieguez Castro - 2016 - Introducing Linux Distros.pdf:application/pdf}
}

@article{zhao_cutie_2019,
	title = {{CUTIE}: Learning to Understand Documents with Convolutional Universal Text Information Extractor},
	volume = {abs/1903.12363},
	url = {http://arxiv.org/abs/1903.12363},
	journaltitle = {{CoRR}},
	author = {Zhao, Xiaohui and Wu, Zhuo and Wang, Xiaoguang},
	date = {2019}
}

@article{orion_pdf_2007,
	title = {{PDF} 1.7 is approved as {ISO} 32000},
	url = {https://web.archive.org/web/20071213004627/http://www.theinquirer.net/gb/inquirer/news/2007/12/05/pdf-approved-iso-32000},
	journaltitle = {The Inquirer},
	author = {Orion, Egan},
	urldate = {2020-03-30},
	date = {2007-12-05},
	note = {Reporter: The Inquirer},
	file = {Snapshot:/home/diego/Zotero/storage/ZAD4V78L/pdf-approved-iso-32000.html:text/html}
}

@online{unforgettableidsupportsmonica_adobe_2020,
	title = {adobe acrobat - Is {ISO} 32000-2:2017 ({PDF} 2.0) really a non-open and non-Free format?},
	url = {https://superuser.com/questions/1363832/is-iso-32000-22017-pdf-2-0-really-a-non-open-and-non-free-format},
	shorttitle = {adobe acrobat - Is {ISO} 32000-2},
	titleaddon = {Super User},
	author = {{unforgettableidSupportsMonica}},
	urldate = {2020-03-30},
	date = {2020-03-30},
	note = {Reporter: Super User
Library Catalog: superuser.com},
	file = {Snapshot:/home/diego/Zotero/storage/SYUMMNSJ/1365936.html:text/html}
}

@online{breuel_hocr_2020,
	title = {{hOCR} - {OCR} Workflow and Output embedded in {HTML}},
	url = {http://kba.cloud/hocr-spec/1.2/},
	author = {Breuel, Thomas and Baierer, Konstantin},
	urldate = {2020-03-30},
	date = {2020-03-30},
	file = {hOCR - OCR Workflow and Output embedded in HTML:/home/diego/Zotero/storage/GDDZU63D/1.2.html:text/html}
}

@book{adobe_systems_inc_iso_2008,
	edition = {First},
	title = {{ISO} 32000-1:2008},
	url = {https://www.adobe.com/content/dam/acom/en/devnet/pdf/PDF32000_2008.pdf},
	shorttitle = {{ISO} 32000-1},
	pagetotal = {756},
	author = {{Adobe Systems Inc.}},
	date = {2008-07-01},
	langid = {english},
	note = {Version Number: First}
}

@book{international_organization_for_standardization_iso_2017,
	edition = {First},
	title = {{ISO} 32000-2:2017},
	pagetotal = {971},
	author = {{International Organization for Standardization}},
	date = {2017-07},
	langid = {english},
	note = {Version Number: First}
}

@online{agencia_tributaria_nif_nodate,
	title = {El {NIF} en el {IVA} - Agencia Tributaria},
	url = {https://www.agenciatributaria.es/AEAT.internet/Inicio/_Segmentos_/Empresas_y_profesionales/Empresas/IVA/El_NIF_en_el_IVA.shtml},
	author = {{Agencia Tributaria}},
	urldate = {2020-04-27},
	file = {El NIF en el IVA - Agencia Tributaria:/home/diego/Zotero/storage/QM67FFSV/El_NIF_en_el_IVA.html:text/html}
}

@online{the_apache_software_foundation_apache_nodate,
	title = {Apache {PDFBox} {\textbar} A Java {PDF} Library},
	url = {https://pdfbox.apache.org/},
	author = {{The Apache Software Foundation}},
	urldate = {2021-02-07},
	file = {Apache PDFBox | A Java PDF Library:/home/diego/Zotero/storage/8J3H8IV8/pdfbox.apache.org.html:text/html}
}

@online{freedesktoporg_poppler_nodate,
	title = {Poppler},
	url = {https://poppler.freedesktop.org/},
	author = {{freedesktop.org}},
	urldate = {2021-02-07},
	file = {Poppler:/home/diego/Zotero/storage/Y2ZU8YLS/poppler.freedesktop.org.html:text/html}
}

@software{ray_smith_et_al_tesseract-ocrtesseract_2021,
	title = {tesseract-ocr/tesseract},
	rights = {Apache-2.0 License         ,                 Apache-2.0 License},
	url = {https://github.com/tesseract-ocr/tesseract},
	abstract = {Tesseract Open Source {OCR} Engine (main repository)},
	publisher = {tesseract-ocr},
	author = {{Ray Smith et al.}},
	urldate = {2021-02-07},
	date = {2021-02-07},
	note = {original-date: 2014-08-12T18:04:59Z},
	keywords = {hacktoberfest, lstm, machine-learning, ocr, ocr-engine, tesseract, tesseract-ocr}
}

@online{free_software_foundation_inc_bison_nodate,
	title = {Bison - {GNU} Project - Free Software Foundation},
	url = {https://www.gnu.org/software/bison/},
	author = {{Free Software Foundation, Inc.}},
	urldate = {2021-02-07},
	file = {Bison - GNU Project - Free Software Foundation:/home/diego/Zotero/storage/V2IXKBSB/bison.html:text/html}
}

@software{estes_flex_2021,
	title = {flex},
	url = {https://github.com/westes/flex},
	abstract = {The Fast Lexical Analyzer - scanner generator for lexing in C and C++},
	author = {Estes, Will},
	urldate = {2021-02-07},
	date = {2021-02-06},
	note = {original-date: 2013-11-19T10:19:33Z},
	keywords = {c, flex, lexer, lexer-generator}
}

@online{canonical_ltd_ubuntu_nodate,
	title = {Ubuntu Manpage: {MediaInfo} - command line utility to display information about audio/video files},
	url = {http://manpages.ubuntu.com/manpages/bionic/man1/mediainfo.1.html},
	author = {{Canonical Ltd.}},
	urldate = {2021-02-07},
	file = {Ubuntu Manpage\: MediaInfo - command line utility to display information about audio/video files:/home/diego/Zotero/storage/CLBA8EYI/mediainfo.1.html:text/html}
}

@online{canonical_ltd_ubuntu_nodate-1,
	title = {Ubuntu Manpage: exif - shows {EXIF} information in {JPEG} files},
	url = {http://manpages.ubuntu.com/manpages/bionic/en/man1/exif.1.html},
	author = {Canonical Ltd.},
	urldate = {2021-02-07},
	file = {Ubuntu Manpage\: exif - shows EXIF information in JPEG files:/home/diego/Zotero/storage/VCSGMSMZ/exif.1.html:text/html}
}

@online{docker_inc_empowering_nodate,
	title = {Empowering App Development for Developers {\textbar} Docker},
	url = {https://www.docker.com/},
	abstract = {Learn how Docker helps developers bring their ideas to life by conquering the complexity of app development.},
	author = {Docker, Inc.},
	urldate = {2021-02-07},
	langid = {english},
	file = {Snapshot:/home/diego/Zotero/storage/C5GEF6TQ/www.docker.com.html:text/html}
}

@online{red_hat_inc_ansible_nodate,
	title = {Ansible is Simple {IT} Automation},
	url = {https://www.ansible.com},
	abstract = {Ansible is the simplest way to automate apps and {IT} infrastructure. Application Deployment + Configuration Management + Continuous Delivery.},
	author = {Red Hat, Inc.},
	urldate = {2021-02-07},
	langid = {english},
	file = {Snapshot:/home/diego/Zotero/storage/ZZQYCYQ5/www.ansible.com.html:text/html}
}

@online{canonical_ltd_ubuntu_nodate-2,
	title = {Ubuntu Manpage: pdfimages - Portable Document Format ({PDF}) image extractor (version 3.03)},
	url = {http://manpages.ubuntu.com/manpages/bionic/man1/pdfimages.1.html},
	author = {{Canonical Ltd.}},
	urldate = {2021-02-07},
	file = {Ubuntu Manpage\: pdfimages - Portable Document Format (PDF) image extractor (version 3.03):/home/diego/Zotero/storage/4WBTNIHW/pdfimages.1.html:text/html}
}

@online{canonical_ltd_ubuntu_nodate-3,
	title = {Ubuntu Manpage: pdfinfo - Portable Document Format ({PDF}) document information extractor (version 3.03)},
	url = {http://manpages.ubuntu.com/manpages/bionic/man1/pdfinfo.1.html},
	author = {{Canonical Ltd.}},
	urldate = {2021-02-07},
	file = {Ubuntu Manpage\: pdfinfo - Portable Document Format (PDF) document information extractor (version 3.03):/home/diego/Zotero/storage/PIGHVGDT/pdfinfo.1.html:text/html}
}

@online{canonical_ltd_ubuntu_nodate-4,
	title = {Ubuntu Manpage: pdftotext - Portable Document Format ({PDF}) to text converter (version 3.03)},
	url = {http://manpages.ubuntu.com/manpages/bionic/en/man1/pdftotext.1.html},
	author = {{Canonical Ltd.}},
	urldate = {2021-02-07},
	file = {Ubuntu Manpage\: pdftotext - Portable Document Format (PDF) to text converter (version 3.03):/home/diego/Zotero/storage/RG2382I2/pdftotext.1.html:text/html}
}

@online{canonical_ltd_ubuntu_nodate-5,
	title = {Ubuntu Manpage: pdftocairo - Portable Document Format ({PDF}) to {PNG}/{JPEG}/{TIFF}/{PDF}/{PS}/{EPS}/{SVG} using cairo},
	url = {http://manpages.ubuntu.com/manpages/bionic/en/man1/pdftocairo.1.html},
	author = {{Canonical Ltd.}},
	urldate = {2021-02-07},
	file = {Ubuntu Manpage\: pdftocairo - Portable Document Format (PDF) to PNG/JPEG/TIFF/PDF/PS/EPS/SVG using cairo:/home/diego/Zotero/storage/S4YEC5PQ/pdftocairo.1.html:text/html}
}

@online{dolan_jq_nodate,
	title = {jq},
	url = {https://stedolan.github.io/jq/},
	author = {Dolan, Stephen},
	urldate = {2021-02-07},
	file = {jq:/home/diego/Zotero/storage/ZJQDLAJ2/jq.html:text/html}
}

@online{soloazarcom_soloazar_nodate,
	title = {{SoloAzar} Latinoamérica {\textbar} Betmedia cierra el año con un beneficio de 3,5 millones de euros y 110.000 usuarios en Betsfy},
	url = {https://www.soloazar.com/es/v/otros/235959_Betmedia-cierra-el-ano-con-un-beneficio-de-3-5-millones-de-euros-y-110-000-usuarios-en-Betsfy},
	abstract = {(España).- Prodware ayuda a la compañía gallega de juegos online Betmedia a reactivar su departamento financiero y optimizar la conectividad con sus aplicaciones ya existentes con la implantación de Microsoft Business Central en la nube.},
	titleaddon = {Solo Azar},
	author = {soloazar.com},
	urldate = {2021-02-07},
	langid = {spanish},
	file = {Snapshot:/home/diego/Zotero/storage/EIAIK3S6/235959_Betmedia-cierra-el-ano-con-un-beneficio-de-3-5-millones-de-euros-y-110-000-usuarios-en-B.html:text/html}
}

@online{brainwy_software_ltda_pydev_nodate,
	title = {{PyDev}},
	url = {https://www.pydev.org/},
	author = {{Brainwy Software Ltda}},
	urldate = {2021-02-07},
	file = {PyDev:/home/diego/Zotero/storage/CM45NIZN/www.pydev.org.html:text/html}
}

@online{github_inc_hackable_nodate,
	title = {A hackable text editor for the 21st Century},
	url = {https://atom.io/},
	abstract = {At {GitHub}, we’re building the text editor we’ve always wanted: hackable to the core, but approachable on the first day without ever touching a config file. We can’t wait to see what you build with it.},
	titleaddon = {Atom},
	author = {{GitHub, Inc.}},
	urldate = {2021-02-07},
	langid = {english},
	file = {Snapshot:/home/diego/Zotero/storage/E7AVQJ5K/atom.io.html:text/html}
}

@software{jens_gulden_et_al_unpaperunpaper_2021,
	title = {unpaper/unpaper},
	url = {https://github.com/unpaper/unpaper},
	abstract = {A post-processing tool for scanned sheets of paper.},
	publisher = {unpaper},
	author = {Jens Gulden et al.},
	urldate = {2021-02-08},
	date = {2021-02-07},
	note = {original-date: 2011-08-14T22:25:27Z}
}

@software{ooms__aut_pdftools_2020,
	title = {pdftools: Text Extraction, Rendering and Converting of {PDF} Documents},
	rights = {{MIT} + file {LICENSE}},
	url = {https://CRAN.R-project.org/package=pdftools},
	shorttitle = {pdftools},
	abstract = {Utilities based on 'libpoppler' for extracting text, fonts, attachments and metadata from a {PDF} file. Also supports high quality rendering of {PDF} documents into {PNG}, {JPEG}, {TIFF} format, or into raw bitmap vectors for further processing in R.},
	version = {2.3.1},
	author = {Ooms  [aut, Jeroen and cre},
	urldate = {2021-02-08},
	date = {2020-05-22}
}

@online{steward_and_lee_llc_pdftk_nodate,
	title = {{PDFtk} - The {PDF} Toolkit},
	url = {https://www.pdflabs.com/tools/pdftk-the-pdf-toolkit/},
	author = {{Steward and Lee, LLC}},
	urldate = {2021-02-08},
	file = {PDFtk - The PDF Toolkit:/home/diego/Zotero/storage/2DP73B27/pdftk-the-pdf-toolkit.html:text/html}
}

@online{abbyy_automated_nodate,
	title = {Automated Invoice Processing - {ABBYY} {FlexiCapture} for Invoices},
	url = {https://www.abbyy.com​/flexicapture-for-invoices/},
	abstract = {{ABBYY} invoice processing solution automates invoice capture in an accounts payable process, from invoice scanning and data entry to data extraction and archiving.},
	titleaddon = {{ABBYY}},
	author = {{ABBYY}},
	urldate = {2021-02-08},
	langid = {american},
	file = {Snapshot:/home/diego/Zotero/storage/H68SZM88/flexicapture-for-invoices.html:text/html}
}

@online{kofax_inc_multichannel_nodate,
	title = {Multichannel Document Capture Software {\textbar} Kofax},
	url = {https://www.kofax.com/Products/capture/overview},
	author = {{KOFAX INC.}},
	urldate = {2021-02-08},
	file = {Multichannel Document Capture Software | Kofax:/home/diego/Zotero/storage/GQBRXAEI/overview.html:text/html}
}

@book{liu_graph_2019-1,
	title = {Graph Convolution for Multimodal Information Extraction from Visually Rich Documents},
	author = {Liu, Xiaojing and Gao, Feiyu and Zhang, Qiong and Zhao, Huasha},
	date = {2019},
	note = {\_eprint: 1903.11279}
}

@online{prima_research_lab_pageviewer_nodate,
	title = {{PAGEViewer}},
	url = {https://www.primaresearch.org/tools/PAGEViewer},
	author = {{PRImA} Research Lab},
	urldate = {2021-02-08},
	file = {PRImA:/home/diego/Zotero/storage/42ZD6WS2/PAGEViewer.html:text/html}
}